@article{yao86,
  author={Yao, Andrew Chi-Chih},
  journal={27th Annual Symposium on Foundations of Computer Science (sfcs 1986)}, 
  title={How to generate and exchange secrets}, 
  year={1986},
  pages={162-167},
  doi={10.1109/SFCS.1986.25}
}

@misc{freeXOR,
    author = {Kolesnikov, Vladimir and Schneider, Thomas},
    year = {2008},
    month = {07},
    pages = {486-498},
    title = {Improved Garbled Circuit: Free {XOR} Gates and Applications},
    volume = {7},
    isbn = {978-3-540-70582-6},
    doi = {10.1007/978-3-540-70583-3_40}
}

@misc{yaoefficiency,
    title={Efficiency Optimizations on Yao's Garbled Circuits and Their Practical Applications}, 
    author={Osman Biçer},
    year={2017},
    eprint={1703.03473},
    archivePrefix={arXiv},
    primaryClass={cs.CR}
}

@article{point-and-permute,
    title={The round complexity of secure protocols},
    author={Donald Beaver and Silvio Micali and Phillip Rogaway},
    booktitle={Symposium on the Theory of Computing},
    journal={Proceedings of the twenty-second annual ACM symposium on Theory of Computing},
    year={1990}
}

@article{yao-proof,
    author = {Lindell, Yehuda and Pinkas, Benny},
    year = {2009},
    month = {04},
    pages = {161-188},
    title = {A Proof of Security of Yao’s Protocol for Two-Party Computation},
    volume = {22},
    journal = {Journal of Cryptology},
    doi = {10.1007/s00145-008-9036-8}
}

@misc{beet,
      author = {Peter Bogetoft and Dan Lund Christensen and Ivan Damgard and Martin Geisler and Thomas Jakobsen and Mikkel Krøigaard and Janus Dam Nielsen and Jesper Buus Nielsen and Kurt Nielsen and Jakob Pagter and Michael Schwartzbach and Tomas Toft},
      title = {Multiparty Computation Goes Live},
      howpublished = {Cryptology ePrint Archive, Paper 2008/068},
      year = {2008},
      note = {\url{https://eprint.iacr.org/2008/068}},
      url = {https://eprint.iacr.org/2008/068}
}

@article{applications,
    author = {Chuan Zhao and Shengnan Zhao and Minghao Zhao and Zhenxiang Chen and Chong-Zhi Gao and Hongwei Li and Yu-an Tan},
    title = {Secure Multi-Party Computation: Theory, practice and applications},
    journal = {Information Sciences},
    volume = {476},
    pages = {357-372},
    year = {2019},
    issn = {0020-0255},
    doi = {https://doi.org/10.1016/j.ins.2018.10.024},
    url = {https://www.sciencedirect.com/science/article/pii/S0020025518308338},
}

@article{jana,
    author = {Archer, David and Bogdanov, Dan and Lindell, Yehuda and Kamm, Liina and Nielsen, Kurt and Pagter, Jakob and Smart, Nigel and Wright, Rebecca},
    year = {2018},
    month = {12},
    pages = {1749-1771},
    title = {From Keys to Databases—Real-World Applications of Secure Multi-Party Computation},
    volume = {61},
    journal = {Computer Journal},
    doi = {10.1093/comjnl/bxy090}
}

@article{shamir79,
    author = {Shamir, Adi},
    title = {{How to Share a Secret}},
    biburl = {https://www.bibsonomy.org/bibtex/23b106f99beb68539f07dea060a6442a8/cschenk},
    journal = {Communications of the ACM},
    number = 11,
    pages = {612-613},
    volume = 22,
    year = 1979
}

@inproceedings{private-set-intersection,
    author = {Chen, Hao and Laine, Kim and Rindal, Peter},
    title = {Fast Private Set Intersection from Homomorphic Encryption},
    booktitle = {CCS '17 Proceedings of the 2017 ACM SIGSAC Conference on Computer and Communications Security},
    year = {2017},
    month = {October},
    publisher = {ACM New York, NY, USA ©2017},
    url = {https://www.microsoft.com/en-us/research/publication/fast-private-set-intersection-homomorphic-encryption/},
    pages = {1243-1255},
    isbn = {978-1-4503-4946-8},
    edition = {CCS '17 Proceedings of the 2017 ACM SIGSAC Conference on Computer and Communications Security},
}