@article{yao,
  author={Yao, Andrew Chi-Chih},
  journal={27th Annual Symposium on Foundations of Computer Science (sfcs 1986)}, 
  title={How to generate and exchange secrets}, 
  year={1986},
  pages={162-167},
  doi={10.1109/SFCS.1986.25}
}

@article{efficiency,
  title={Efficiency {O}ptimizations on {Y}ao's {G}arbled {C}ircuits and {T}heir {P}ractical {A}pplications},
  author={O. Bi√ßer},
  journal={ArXiv},
  year={2017},
  volume={abs/1703.03473}
}